% This file was created with Citavi 4.4.0.28

@misc{.,
 title = {decay na 22 - Google-Suche},
 url = {\url{https://www.google.de/?gws\textunderscore rd=ssl}},
 urldate = {07.01.2015}
}


@misc{.05.09.2012,
 author = {Dalton, Alex},
 year = {05.09.2012},
 title = {Nuclear Physics},
 url = {\url{http://mast.unco.edu/fsi/summer/projects/2009/DaltonAlex/}},
 urldate = {07.01.2015}
}


@book{Ashcroft.2007,
 author = {Ashcroft, Neil W. and Mermin, N. David},
 year = {2007},
 title = {Festk{\"o}rperphysik},
 address = {M{\"u}nchen [u.a.]},
 edition = {3., verb. Aufl},
 publisher = {Oldenbourg},
 isbn = {3486582739}
}


@misc{Jkrieger.,
 author = {Jkrieger},
 title = {Szizze Photomultiplier}
}


@misc{JoachimHerzStiftungHamburg.07.01.2015,
 abstract = {Physikportal f�r Sch�ler, Lehrer und Eltern mit Materialien, Versuchen, Aufgaben, Tests und Lehrpl�nen zur Erg�nzung des Physikunterrichts.},
 author = {{Joachim~Herz~Stiftung~-~Hamburg}},
 year = {07.01.2015},
 title = {LEIFIphysik - Physikportal},
 url = {\url{http://www.leifiphysik.de/themenbereiche/radioaktivitaet-fortfuehrung}},
 keywords = {Mechanik;Optik;Elektrizit{\"a}tslehre;Elektronik;W{\"a}rmelehre;Akustik;Quantenphysik;Astronomie;Atomphysik;Kernphysik;Relativit{\"a}tstheorie;Energie;Physik},
 urldate = {07.01.2015}
}


@book{Schatz.2008,
 author = {Schatz, G{\"u}nter and Weidinger, Alois},
 year = {2008},
 title = {Nukleare Festk{\"o}rperphysik: Kernphysikalische Me{\ss}methoden und ihre Anwendungen},
 keywords = {Festk{\"o}rperphysik;Kernphysik},
 address = {Wiesbaden},
 edition = {4., {\"u}berarb. u. erw. Aufl.},
 publisher = {Teubner},
 isbn = {3835102281},
 series = {Teubner Studienb{\"u}cher Physik}
}


@phdthesis{TobijasKotyk.16.11.2005,
 author = {{Tobijas~Kotyk}},
 year = {16.11.2005},
 title = {Versuche zur Radioaktivit{\"a}t: im Physikalischen Fortgeschrittenen Praktikum},
 url = {\url{http://hacol13.physik.uni-freiburg.de/fp/Versuche/FP1/FP1-7-LangeHalbwertzeiten/}},
 address = {Freiburg},
 urldate = {7.1.2015},
 publisher = {Physik},
 school = {Universit{\"a}t Freiburg}
}


@misc{Wikipedia.2014,
 author = {Wikipedia},
 year = {2014},
 title = {Radioaktivit{\"a}t --- Wikipedia, Die freie Enzyklop{\"a}die},
 url = {\url{http://de.wikipedia.org/w/index.php?title=Radioaktivit\%C3\%A4t\&oldid=137205483}}
}


@misc{Wikipedia.2014b,
 author = {Wikipedia},
 year = {2014},
 title = {Nebelkammer --- Wikipedia, Die freie Enzyklop{\"a}die},
 url = {\url{http://de.wikipedia.org/w/index.php?title=Nebelkammer\&oldid=135548016}}
}


@misc{Wikipedia.2014c,
 author = {Wikipedia},
 year = {2014},
 title = {Alphastrahlung --- Wikipedia, Die freie Enzyklop{\"a}die},
 url = {\url{http://de.wikipedia.org/w/index.php?title=Alphastrahlung\&oldid=136428774}}
}


@misc{Wikipedia.2014d,
 author = {Wikipedia},
 year = {2014},
 title = {Betastrahlung --- Wikipedia, Die freie Enzyklop{\"a}die},
 url = {\url{http://de.wikipedia.org/w/index.php?title=Betastrahlung\&oldid=133998992}}
}


@misc{Wikipedia.2014e,
 author = {Wikipedia},
 year = {2014},
 title = {Gammastrahlung --- Wikipedia, Die freie Enzyklop{\"a}die},
 url = {\url{http://de.wikipedia.org/w/index.php?title=Gammastrahlung\&oldid=136890512}}
}


